@inbook{hopcroft1983data,
  title={Data structures and algorithms},
  author={Hopcroft, John E and Ullman, Jeffrey D and Aho, Alfred Vaino},
  volume={175},
  year={1983},
  publisher={Addison-wesley Boston, MA, USA},
  chapter={6.5: Traversals of Directed Graphs}
}

@misc{FloydRobertW.1962A9Sp,
  issn = {0001-0782},
  journal = {Communications of the ACM},
  pages = {345--345},
  volume = {5},
  publisher = {ACM},
  number = {6},
  year = {1962},
  title = {Algorithm 97: Shortest path},
  copyright = {ACM},
  language = {eng},
  address = {New York, NY, USA},
  author = {Floyd, Robert W.},
}

@article{bomze1999maximum,
  title={The maximum clique problem},
  author={Bomze, Immanuel M and Budinich, Marco and Pardalos, Panos M and Pelillo, Marcello},
  journal={Handbook of Combinatorial Optimization: Supplement Volume A},
  pages={1--74},
  year={1999},
  publisher={Springer}
}

@article{gu1999algorithms,
  title={Algorithms for the satisfiability ({SAT}) problem},
  author={Gu, Jun and Purdom, Paul W and Franco, John and Wah, Benjamin W},
  journal={Handbook of Combinatorial Optimization: Supplement Volume A},
  pages={379--572},
  year={1999},
  publisher={Springer}
}